@article{butina1999unsupervised,
  title={Unsupervised data base clustering based on daylight's fingerprint and Tanimoto similarity:
  A fast and automated way to cluster small and large data sets},
  author={Butina, Darko},
  journal={Journal of Chemical Information and Computer Sciences},
  volume={39},
  number={4},
  pages={747--750},
  year={1999},
  publisher={ACS Publications}
}

@article{reker2017active,
  title={Active learning for computational chemogenomics},
  author={Reker, Daniel and Schneider, Petra and Schneider, Gisbert and Brown, JB},
  journal={Future medicinal chemistry},
  volume={9},
  number={4},
  pages={381--402},
  year={2017},
  publisher={Future Science}
}
@article{rakers2017small,
  title={Small random forest models for effective chemogenomic active learning},
  author={Rakers, Christin and Reker, Daniel and JB, Brown},
  journal={Journal of Computer Aided Chemistry},
  volume={18},
  pages={124--142},
  year={2017},
  publisher={Division of Chemical Information and Computer Sciences The Chemical Society~â€¦}
}

@article{zhu2010confidence,
  title={Confidence-based stopping criteria for active learning for data annotation},
  author={Zhu, Jingbo and Wang, Huizhen and Hovy, Eduard and Ma, Matthew},
  journal={ACM Transactions on Speech and Language Processing (TSLP)},
  volume={6},
  number={3},
  pages={1--24},
  year={2010},
  publisher={ACM New York, NY, USA}
}

@inproceedings{ertekin2007learning,
  title={Learning on the border: active learning in imbalanced data classification},
  author={Ertekin, Seyda and Huang, Jian and Bottou, Leon and Giles, Lee},
  booktitle={Proceedings of the sixteenth ACM conference on Conference on information and knowledge management},
  pages={127--136},
  year={2007}
}